<?xml version="1.0" encoding="UTF-8"?><collection xmlns="http://www.loc.gov/MARC21/slim"><record><leader>00742nam--2200193-i-4500</leader><controlfield tag="001">000020525</controlfield><controlfield tag="002">20161230</controlfield><controlfield tag="005">20161230201033</controlfield><controlfield tag="008">060222s1000------------r-----000-0-eng-d</controlfield><datafield ind1=" " ind2=" " tag="020"><subfield code="a">3540550747</subfield></datafield><datafield ind1=" " ind2=" " tag="040"><subfield code="a">IFIN-HH</subfield></datafield><datafield ind1=" " ind2=" " tag="080"><subfield code="a">539.17(061.3)</subfield></datafield><datafield ind1="1" ind2=" " tag="100"><subfield code="a">Arias, J.M</subfield></datafield><datafield ind1="1" ind2="0" tag="245"><subfield code="a">Nuclear physics at the borderlines</subfield><subfield code="b">Proceedings of the fourth international summer school, sponsored by the universidad hispano-americana, santa maria de la rabida, la rabida, huevla, spain, june 17-29, 1991 nuclear and particle physics</subfield><subfield code="c">J.m. arias, m.i. gallardo, m. lozano (eds.)</subfield></datafield><datafield ind1=" " ind2=" " tag="260"><subfield code="a">Berlin</subfield><subfield code="b">Springer-verlag</subfield><subfield code="c">1992</subfield></datafield><datafield ind1=" " ind2=" " tag="490"><subfield code="a">Research Repots In Physics</subfield></datafield><datafield ind1="1" ind2=" " tag="700"><subfield code="a">Lozano, M</subfield><subfield code="e">Ed</subfield></datafield><datafield ind1=" " ind2=" " tag="852"><subfield code="a">80372</subfield><subfield code="c">539.17</subfield></datafield><datafield ind1=" " ind2=" " tag="CAT"><subfield code="a">Sys</subfield><subfield code="c">20120628</subfield><subfield code="h">145344</subfield></datafield></record></collection>